@book{BOOK:KRYPTOGRAPHIE,
  author         = {Christof Paar and Jan Pelzl},
  title          = {Understanding Cryptography},
  publisher      = {Springer},
  year           = 2010,
  isbn           = {978-3-642-04100-6}
}