@book{BOOK:crypto,
  author    = {Christof Paar and Jan Pelzl},
  title     = {Understanding Cryptography},
  publisher = {Springer},
  year      = 2010,
  isbn      = {978-3-642-04100-6}
}

@book{BOOK:numberTheory,
  author    = {Reinhold Remmert and Peter Ullrich},
  title     = {Elementare Zahlentheorie},
  publisher = {Birkhäuser},
  year      = 2008,
  edition   = {3},
  isbn      = {978-3-7643-7730-4}
}

@book{BOOK:VC,
  author    = {Stelvio Cimato and Ching-Nung Yang},
  title     = {Visual Cryptography and Secret Image Sharing},
  publisher = {CRC Press},
  year      = 2017,
  isbn      = {978-1-4398-3722-1}
}

@online{SITE:CSS,
  author = {Mark Barry},
  title  = {Cryptography in Home Entertainment},
  url    = {http://www.math.ucsd.edu/~crypto/Projects/MarkBarry/index.htm},
  month  = 6,
  year   = 2004,
  note   = {Einsichtsname: 14.05.2021}
}

@online{SITE:randomorg,
  author = {Mads Haahr},
  title  = {Introduction to Randomness and Random Numbers},
  note   = {Einsichtsname: 14.05.2021},
  year   = 2021,
  url    = {https://www.random.org/randomness}
}

@online{SITE:nonrepudiation,
  author = {Adrian McCullagh and William Cealli},
  title  = {Non-Repudiation in the Digital Environment},
  note   = {Einsichtsname: 14.05.2021},
  year   = 2000,
  url    = {https://firstmonday.org/ojs/index.php/fm/article/view/778/687}
}

@online{SITE:euklid,
  author = {Christian Spannagle},
  title  = {Der Euklidische Algorithmus},
  note   = {Einsichtsname: 14.05.2021},
  year   = 2011,
  month  = 1,
  url    = {https://wiki.zum.de/wiki/PH_Heidelberg/Bausteine/Der_Euklidische_Algorithmus}
}

@online{SITE:diophant,
  author = {Christian Spannagle},
  title  = {Diophantische Gleichungen},
  note   = {Einsichtsname: 14.05.2021},
  year   = 2012,
  month  = 6,
  url    = {https://wiki.zum.de/wiki/PH_Heidelberg/Zahlentheorie/Diophantische_Gleichungen}
}

@online{SITE:phi-euler-fermat,
  author = {Christian Spannagle},
  title  = {Sätze von Euler und Fermat},
  note   = {Einsichtsname: 14.05.2021},
  year   = 2012,
  month  = 6,
  url    = {https://wiki.zum.de/wiki/PH_Heidelberg/Bausteine/S%C3%A4tze_von_Euler_und_Fermat}
}

@online{SITE:jwt,
  author = {Michael B. Jones and John Bradley and Nat Sakimura},
  title  = {JSON Web Token (JWT)},
  note   = {Einsichtsname: 14.05.2021},
  year   = 2015,
  month  = 5,
  url    = {https://tools.ietf.org/html/rfc7519}
}